<record><leader>00000cas a2200000 a 4500</leader><controlfield tag="001">14763577</controlfield><controlfield tag="008">861118d19041909miudn ne      0    0eng c</controlfield><datafield ind1=" " ind2=" " tag="010"><subfield code="a">sn 86086635 </subfield></datafield><datafield ind1=" " ind2=" " tag="040"><subfield code="a">NPV</subfield><subfield code="b">eng</subfield><subfield code="c">NPV</subfield><subfield code="d">MHN</subfield><subfield code="d">OCL</subfield><subfield code="d">MHN</subfield><subfield code="d">OCL</subfield><subfield code="d">OCLCQ</subfield><subfield code="d">OCLCF</subfield><subfield code="d">OCLCO</subfield></datafield><datafield ind1=" " ind2=" " tag="042"><subfield code="a">pcc</subfield></datafield><datafield ind1=" " ind2=" " tag="043"><subfield code="a">n-us-mi</subfield></datafield><datafield ind1="0" ind2=" " tag="130"><subfield code="a">Evening journal (Hancock, Mich.)</subfield></datafield><datafield ind1="1" ind2="4" tag="245"><subfield code="a">The evening journal.</subfield></datafield><datafield ind1="1" ind2="7" tag="246"><subfield code="a">Hancock evening journal</subfield></datafield><datafield ind1=" " ind2=" " tag="260"><subfield code="a">Hancock, Mich. :</subfield><subfield code="b">Evening Journal Co.,</subfield><subfield code="c">1904-1909.</subfield></datafield><datafield ind1=" " ind2=" " tag="300"><subfield code="a">v.</subfield></datafield><datafield ind1=" " ind2=" " tag="310"><subfield code="a">Daily (except Sunday)</subfield></datafield><datafield ind1="0" ind2=" " tag="362"><subfield code="a">Vol. 21, no. 283 (June 6, 1904)-v. 25, no. 312 (May 14, 1909).</subfield></datafield><datafield ind1=" " ind2=" " tag="500"><subfield code="a">Publisher varies.</subfield></datafield><datafield ind1=" " ind2="0" tag="651"><subfield code="a">Hancock (Mich.)</subfield><subfield code="v">Newspapers.</subfield></datafield><datafield ind1=" " ind2="0" tag="651"><subfield code="a">Houghton County (Mich.)</subfield><subfield code="v">Newspapers.</subfield></datafield><datafield ind1=" " ind2="7" tag="655"><subfield code="a">Newspapers.</subfield><subfield code="2">fast</subfield><subfield code="0">(OCoLC)fst01423814</subfield></datafield><datafield ind1=" " ind2="7" tag="651"><subfield code="a">Michigan</subfield><subfield code="z">Hancock.</subfield><subfield code="2">fast</subfield><subfield code="0">(OCoLC)fst01222414</subfield></datafield><datafield ind1=" " ind2="7" tag="651"><subfield code="a">Michigan</subfield><subfield code="z">Houghton County.</subfield><subfield code="2">fast</subfield><subfield code="0">(OCoLC)fst01214775</subfield></datafield><datafield ind1=" " ind2=" " tag="752"><subfield code="a">United States</subfield><subfield code="b">Michigan</subfield><subfield code="c">Houghton</subfield><subfield code="d">Hancock.</subfield></datafield><datafield ind1="0" ind2="0" tag="780"><subfield code="t">Hancock evening journal</subfield><subfield code="w">(DLC)sn 86086634</subfield><subfield code="w">(OCoLC)14762972</subfield></datafield><datafield ind1="0" ind2="0" tag="785"><subfield code="t">Evening journal, the Evening copper journal</subfield><subfield code="w">(DLC)sn 86086889</subfield><subfield code="w">(OCoLC)14929087</subfield></datafield></record>